@manual{intel2017man,
  author = {{Intel Corporation}},
  title = {Intel 64 and IA-32 Architectures Software Developerâ€™s Manual},
  year = {2016},
  month = apr,
  organization = {Intel Corporation},
  note = {\url{http://www.intel.com/content/www/us/en/processors/architectures-software-developer-manuals.html},
   visited 2017-08-19}
}

@misc{netpbm,
  author = {Jef Poskanzer},
  title = {The Netpbm Formats},
  year = {2020},
  note = {Updated: 08 August 2020 },
  url = {https://netpbm.sourceforge.net/doc/index.html/#formats},
}

@misc{colorFAQ,
  author = {Charles Poynton},
  title = {Frequently Asked Questions about Color},
  url = {https://poynton.ca/PDFs/ColorFAQ.pdf}
}

@manual{bt709,
  author = {ITU-R},
  title = {BT.709 : Parameter values for the HDTV standards for production and international programme exchange},
  organization = {ITU-R},
  month = {June 17},
  year = {2015},
  version = {BT.709-6},
  domain = {Digital image processing},
  note = {\url{https://www.itu.int/rec/R-REC-BT.709}, visited 24-12-2023}
}
@article{BLagrange,
  title={Barycentric Lagrange Interpolation},
  author={Trefethen, L. N. and Berrut, Jean-Paul },
  journal={SIAM Review},
  volume={46},
  number={3},
  pages={501--517},
  year={2004},
  publisher={Society for Industrial and Applied Mathematics}
}


